@article{Luscher:2012av,
    author = "L{\"u}scher, Martin and Schaefer, Stefan",
    title = "{Lattice QCD with open boundary conditions and twisted-mass reweighting}",
    eprint = "1206.2809",
    archivePrefix = "arXiv",
    primaryClass = "hep-lat",
    reportNumber = "CERN-PH-TH-2012-161",
    doi = "10.1016/j.cpc.2012.10.003",
    journal = "Comput. Phys. Commun.",
    volume = "184",
    pages = "519--528",
    year = "2013"
}

@article{Lüscher2007deflation,
doi = {10.1088/1126-6708/2007/07/081},
eprint = "0706.2298",
url = {https://dx.doi.org/10.1088/1126-6708/2007/07/081},
year = {2007},
month = {jul},
publisher = {},
volume = {2007},
number = {07},
pages = {081},
author = {Martin Lüscher},
title = {Local coherence and deflation of the low quark modes in lattice QCD},
journal = {Journal of High Energy Physics},
abstract = {The spontaneous breaking of chiral symmetry in QCD  is known to be linked to a non-zero density of eigenvalues of the massless Dirac operator near the origin. Numerical studies of two-flavour QCD now suggest that the low quark modes are locally coherent to a certain extent. As a consequence, the modes can be simultaneously  deflated, using local projectors, with a total computational effort proportional to the lattice volume (rather than its square). Deflation has potentially many uses in lattice QCD. The technique is here worked out for the case of quark propagator calculations, where large speed-up factors and a flat scaling behaviour with respect to the quark mass are achieved.}
}


@article{openqxd,
  title = {{openQ*D} code: a versatile tool for {QCD+QED} simulations},
  author = {Campos, Isabel and Fritzsch, Patrick and Hansen, Martin and Marinkovic, Marina Krstic and Patella, Agostino and Ramos, Alberto and Tantalo, Nazario},
  journal = {The European Physical Journal C},
  volume = {80},
  number = {3},
  pages = {1--24},
  year = {2020},
  publisher = {Springer},
  doi = "10.1140/epjc/s10052-020-7617-3",
  eprint = "1908.11673",
  howpublished = {\url{https://gitlab.com/rcstar/openQxD}},
}

@article{QUDApaper,
  title={Solving Lattice QCD systems of equations using mixed precision solvers on GPUs},
  author={Clark, Michael A and Babich, Ronald and Barros, Kipton and Brower, Richard C and Rebbi, Claudio},
  journal={Computer Physics Communications},
  volume={181},
  number={9},
  pages={1517--1528},
  year={2010},
  publisher={Elsevier},
  doi = "10.1016/j.cpc.2010.05.002",
  eprint = "0911.3191",
  howpublished = {\url{https://github.com/lattice/quda}}
}

@article{Kronfeld1991,
author = {Kronfeld, A. S. and Wiese, U. J.},
doi = {10.1016/0550-3213(91)90479-H},
file = {:home/anian/.local/share/data/Mendeley Ltd./Mendeley Desktop/Downloaded/Kronfeld, Wiese - 1991 - SU(N) gauge theories with C-periodic boundary conditions (I). Topological structure(2).pdf:pdf},
issn = {0550-3213},
journal = {Nuclear Physics B},
mendeley-groups = {gm2},
month = {Jul},
number = {2-3},
pages = {521--533},
publisher = {North-Holland},
title = {{SU(N) gauge theories with C-periodic boundary conditions (I). Topological structure}},
volume = {357},
year = {1991}
}


@online{openqcd,
  author = "L{\"u}scher, Martin and others",
  title = "openQCD, Simulation programs for lattice QCD",
  url = {https://luscher.web.cern.ch/luscher/openQCD/},
  year = {2012-2023}
}
  % note = {Accessed: 2023-11-29},


% intro
@article{Muong-2:2023cdq,
    author = "Aguillard, D. P. and others",
    collaboration = "Muon g-2",
    title = "{Measurement of the Positive Muon Anomalous Magnetic Moment to 0.20~ppm}",
    eprint = "2308.06230",
    archivePrefix = "arXiv",
    primaryClass = "hep-ex",
    reportNumber = "FERMILAB-PUB-23-385-AD-CSAID-PPD",
    doi = "10.1103/PhysRevLett.131.161802",
    journal = "Phys. Rev. Lett.",
    volume = "131",
    number = "16",
    pages = "161802",
    year = "2023"
}
% note: nice rev, add? https://inspirehep.net/literature/1835570
@article{Gerardin:2020gpp,
    author = "G\'erardin, Antoine",
    title = "{The anomalous magnetic moment of the muon: status of Lattice QCD calculations}",
    eprint = "2012.03931",
    archivePrefix = "arXiv",
    primaryClass = "hep-lat",
    doi = "10.1140/epja/s10050-021-00426-7",
    journal = "Eur. Phys. J. A",
    volume = "57",
    number = "4",
    pages = "116",
    year = "2021",
    note  = "Note: this reference provides an overview of the complexities involved in computing hadronic contributions to $(g-2)_\mu$ with subpercent precision using lattice QCD"
}

@article{Babich:2010qb,
    author = "Babich, R. and Brannick, J. and Brower, R. C. and Clark, M. A. and Manteuffel, T. A. and McCormick, S. F. and Osborn, J. C. and Rebbi, C.",
    title = "{Adaptive multigrid algorithm for the lattice Wilson-Dirac operator}",
    eprint = "1005.3043",
    archivePrefix = "arXiv",
    primaryClass = "hep-lat",
    doi = "10.1103/PhysRevLett.105.201602",
    journal = "Phys. Rev. Lett.",
    volume = "105",
    pages = "201602",
    year = "2010"
}

@article{RCstar22,
    author = {Bushnaq, Lucius and Campos, Isabel and Catillo, Marco and Cotellucci, Alessandro and Dale, Madeleine and Fritzsch, Patrick and L\"ucke, Jens and Krsti\'c Marinkovi\'c, Marina and Patella, Agostino and Tantalo, Nazario},
    collaboration = "RCstar",
    title = "{First results on QCD+QED with C$^{*}$ boundary conditions}",
    eprint = "2209.13183",
    archivePrefix = "arXiv",
    primaryClass = "hep-lat",
    reportNumber = "HU-EP-22/29-RTG",
    doi = "10.1007/JHEP03(2023)012",
    journal = "JHEP",
    volume = "03",
    pages = "012",
    year = "2023"
}

@article{Espinoza-Valverde:2022pci,
    author = "Espinoza-Valverde, Jesus and Frommer, Andreas and Ramirez-Hidalgo, Gustavo and Rottmann, Matthias",
    title = "{Coarsest-level improvements in multigrid for lattice QCD on large-scale computers}",
    eprint = "2205.09104",
    archivePrefix = "arXiv",
    primaryClass = "math.NA",
    doi = "10.1016/j.cpc.2023.108869",
    journal = "Comput. Phys. Commun.",
    volume = "292",
    pages = "108869",
    year = "2023"
}

@misc{cls,
  author = "CLS",
  title = "{Coordinated Lattice Simulations}",
  howpublished = "\url{https://wiki-zeuthen.desy.de/CLS/}",
  year = {2012-2023}
}

@misc{amd_mi250,
    author     = "{Advanced Micro Device}",
    title      = "{{AMD Instinct™ MI200 Series Accelerator Datasheet}}",
    year       =  2021,
  howpublished = {\url{https://www.amd.com/en/products/accelerators/instinct/mi200/mi250x.html}},
  note         = {Accessed: 2025-02-10}
}

@misc{nv_p100,
  author       = {{NVIDIA Corporation}},
  title        = {{NVIDIA® Tesla® P100 PCIe Datasheet}},
  year         = {2016},
  howpublished = {\url{https://images.nvidia.com/content/tesla/pdf/nvidia-tesla-p100-PCIe-datasheet.pdf}},
  note         = {Accessed: 2025-02-10}
}
