@misc{codata,
    Author = {P.J. Mohr and B.N. Taylor and D.B. Newell},
    Howpublished = {\url{http://physics.nist.gov/constants}},
    Note = {(Online; accessed 2015-11-26)},
    Title = {{2014 CODATA Recommended Values of the Fundamental Physical Constants}},
    Year = {2015}
}

@misc{online:cls,
    author       = "CLS",
    title        = "{Coordinated Lattice Simulations}",
    date         = {2012/2023},
    howpublished = "\url{https://wiki-zeuthen.desy.de/CLS/}",
    note         = {(Online; accessed 2025-02-19)}
}

@misc{online:amd_mi250,
    author       = "{Advanced Micro Device}",
    title        = "{{AMD Instinct™ MI200 Series Accelerator Datasheet}}",
    year         = {2021},
    howpublished = {\url{https://www.amd.com/en/products/accelerators/instinct/mi200/mi250x.html}},
    note         = {(Online; accessed 2025-02-19)}
}

@misc{online:nv_p100,
    author       = {{NVIDIA Corporation}},
    title        = {{NVIDIA® Tesla® P100 PCIe Datasheet}},
    year         = {2016},
    howpublished = {\url{https://images.nvidia.com/content/tesla/pdf/nvidia-tesla-p100-PCIe-datasheet.pdf}},
    note         = {(Online; accessed 2025-02-19)},
}

@misc{github:quda,
    author       = {{NVIDIA Corporation}},
    title        = {{QUDA}},
    date         = {2017/2025},
    publisher    = {GitHub},
    journal      = {GitHub repository},
    howpublished = {\url{https://github.com/lattice/quda}},
    note         = {(Online; accessed 2025-02-19)},
}

@misc{spack:quda,
    author       = {{Gruber, Roman}},
    title        = {{quda}},
    year         = {2025},
    publisher    = {Spack},
    journal      = {Spack repository},
    howpublished = {\url{https://packages.spack.io/package.html?name=quda}},
    note         = {(Online; accessed 2025-02-19)},
}

@misc{gitlab:openqxd,
    author       = {{RC* Collaboration}},
    title        = {{openQxD}},
    date         = {2019/2025},
    publisher    = {GitLab},
    journal      = {GitLab repository},
    howpublished = {\url{https://gitlab.com/rcstar/openQxD}},
    note         = {(Online; accessed 2025-02-19)},
}

@misc{gitlab:openqxd-devel,
    author       = {{RC* Collaboration}},
    title        = {{openQxD-devel}},
    date         = {2019/2025},
    publisher    = {GitLab},
    journal      = {GitLab development repository},
    howpublished = {\url{https://gitlab.com/rcstar/openQxD-devel}},
    note         = {(Online; accessed 2025-02-19)},
}

@misc{online:openqcd,
  author       = "L{\"u}scher, Martin and others",
  title        = "{openQCD, Simulation programs for lattice QCD}",
  howpublished = {\url{https://luscher.web.cern.ch/luscher/openQCD/}},
  date         = {2012/2023},
  note         = {(Online; accessed 2025-02-20)},
}

@misc{pasc:project,
    author       = {Campos, Isabel and Cardoso, Nuno and Marinkovic, Marina Krstic and Della Morte, Michele and Korcyl , Piotr},
    title        = {{Efficient QCD+QED Simulations with openQ*D software}},
    date         = {2021/2024},
    howpublished = {\url{https://pasc-ch.org/projects/2021-2024/eniac-enabling-the-icon-model-on-heterogeneous-architectures/index.html}},
    note         = {(Online; accessed 2025-02-19)},
}

@misc{online:openmpi,
    author       = {{The Open MPI Project}},
    title        = {{Open MPI: Open Source High Performance Computing}},
    date         = {1998/2024},
    howpublished = {\url{https://www.open-mpi.org}},
    note         = {(Online; accessed 2025-02-20)},
}

@misc{online:mpich,
    author       = {{The MPICH Team}},
    title        = {{MPICH: A High-Performance and Widely Portable Implementation of the MPI Standard}},
    date         = {1992/2025},
    howpublished = {\url{https://www.mpich.org}},
    note         = {(Online; accessed 2025-02-20)},
}

@misc{online:cscs:uenv,
    author       = {{CSCS}},
    title        = {{uenv: Command line tool for working with user environments at CSCS.}},
    year         = {2025},
    howpublished = {\url{https://eth-cscs.github.io/uenv/}},
    note         = {(Online; accessed 2025-02-20)},
}

@misc{online:tcl,
    author       = {{The Tcl Team}},
    title        = {{TcL}},
    year         = {2025},
    howpublished = {\url{https://www.tcl-lang.org/}},
    note         = {(Online; accessed 2025-02-20)},
}

@misc{github:lmod,
    author       = {{The Lmod Team}},
    title        = {{Lmod: A New Environment Module System}},
    year         = {2021},
    howpublished = {\url{https://github.com/TACC/Lmod}},
    note         = {(Online; accessed 2025-02-20)},
}
