@misc{online:cls,
    author       = "CLS",
    title        = "{Coordinated Lattice Simulations}",
    date         = {2012/2023},
    howpublished = "\url{https://wiki-zeuthen.desy.de/CLS/}",
    note         = {(Online; accessed 2025-02-19)}
}

@misc{online:amd_mi250,
    author       = "{Advanced Micro Device}",
    title        = "{{AMD Instinct™ MI200 Series Accelerator Datasheet}}",
    year         = {2021},
    howpublished = {\url{https://www.amd.com/en/products/accelerators/instinct/mi200/mi250x.html}},
    note         = {(Online; accessed 2025-02-19)}
}

@misc{online:openqcdongpu,
    author       = {{Rago, Antonio}},
    title        = {{OpenQCD on GPU}},
    year         = {2024},
    howpublished = {\url{https://pos.sissa.it/466/283/}},
    note         = {(Online; accessed 2025-05-23)},
}

@misc{github:grid,
    author       = {{Boyle, Peter}},
    title        = {{Grid}},
    date         = {2015/2025},
    publisher    = {GitHub},
    journal      = {GitHub repository},
    howpublished = {\url{https://github.com/paboyle/Grid}},
    note         = {(Online; accessed 2025-05-23)},
}

@misc{github:chroma,
    author       = {{USQCD}},
    title        = {{Chroma}},
    date         = {2005/2025},
    publisher    = {GitHub},
    journal      = {GitHub repository},
    howpublished = {\url{https://github.com/JeffersonLab/chroma}},
    note         = {(Online; accessed 2025-05-23)},
}

@misc{online:qdpc,
    author       = {{Osborn, James}},
    title        = {{SciDAC QFT Data Parallel library}},
    year         = {2007},
    howpublished = {\url{https://usqcd-software.github.io/qdp}},
    note         = {(Online; accessed 2025-05-23)},
}

@misc{online:cps,
    author       = {{Jung, Chulwoo}},
    title        = {{CPS }},
    year         = {2007},
    howpublished = {\url{https://usqcd-software.github.io/CPS.html}},
    note         = {(Online; accessed 2025-05-23)},
}


@misc{github:milc,
    author       = {{NVIDIA Corporation}},
    title        = {{QUDA}},
    date         = {2005/2025},
    publisher    = {GitHub},
    journal      = {GitHub repository},
    howpublished = {\url{https://github.com/milc-qcd/milc_qcd}},
    note         = {(Online; accessed 2025-05-23)},
}

@misc{online:milc,
    author       = {{Bazavov, Alexei and Bernard, Claude and Burch, Tom and DeGrand, Tom and DeTar, Carleton and Foley, Justin and Gottlieb, Steve and Heller, Urs and Hetrick, James and Levkova, Ludmila and McNeile, Craig and Orginos, Kostas and Osborn, James and Rummukainen, Kari and Sugar, Bob and Toussaint, Doug}},
    title        = {{The MILC Code}},
    year         = {2016},
    howpublished = {\url{https://web.physics.utah.edu/~detar/milc/milcv7.pdf}},
    note         = {(Online; accessed 2025-05-23)},
}

@misc{online:gm2,
    author       = {{Muon $g-2$ Initiative}},
    title        = {{The Muon $g-2$ Theory Initiative}},
    year         = {2020},
    howpublished = {\url{https://muon-gm2-theory.illinois.edu/}},
    note         = {(Online; accessed 2025-07-16)},
}

@misc{online:nv_p100,
    author       = {{NVIDIA Corporation}},
    title        = {{NVIDIA® Tesla® P100 PCIe Datasheet}},
    year         = {2016},
    howpublished = {\url{https://images.nvidia.com/content/tesla/pdf/nvidia-tesla-p100-PCIe-datasheet.pdf}},
    note         = {(Online; accessed 2025-02-19)},
}

@misc{github:quda,
    author       = {{NVIDIA Corporation}},
    title        = {{QUDA}},
    date         = {2017/2025},
    publisher    = {GitHub},
    journal      = {GitHub repository},
    howpublished = {\url{https://github.com/lattice/quda}},
    note         = {(Online; accessed 2025-02-19)},
}

@misc{github:quda:chaoos,
    author       = {{Gruber, Roman}},
    title        = {{QUDA fork}},
    date         = {2017/2025},
    publisher    = {GitHub},
    journal      = {GitHub repository},
    howpublished = {\url{https://github.com/chaoos/quda}},
    note         = {(Online; accessed 2025-05-23)},
}

@misc{spack:quda,
    author       = {{Gruber, Roman}},
    title        = {{quda}},
    year         = {2025},
    publisher    = {Spack},
    journal      = {Spack repository},
    howpublished = {\url{https://packages.spack.io/package.html?name=quda}},
    note         = {(Online; accessed 2025-02-19)},
}

@misc{gitlab:openqxd,
    author       = {{RC* Collaboration}},
    title        = {{openQxD}},
    date         = {2019/2025},
    publisher    = {GitLab},
    journal      = {GitLab repository},
    howpublished = {\url{https://gitlab.com/rcstar/openQxD}},
    note         = {(Online; accessed 2025-02-19)},
}

@misc{gitlab:openqxd-devel,
    author       = {{RC* Collaboration}},
    title        = {{openQxD-devel}},
    date         = {2019/2025},
    publisher    = {GitLab},
    journal      = {GitLab development repository},
    howpublished = {\url{https://gitlab.com/rcstar/openQxD-devel}},
    note         = {(Online; accessed 2025-02-19)},
}

@misc{online:openqcd,
  author       = "L{\"u}scher, Martin and others",
  title        = "{openQCD, Simulation programs for lattice QCD}",
  howpublished = {\url{https://luscher.web.cern.ch/luscher/openQCD/}},
  date         = {2012/2023},
  note         = {(Online; accessed 2025-02-20)},
}

@misc{pasc:project,
    author       = {Campos, Isabel and Cardoso, Nuno and Marinkovic, Marina Krstic and Della Morte, Michele and Korcyl , Piotr},
    title        = {{Efficient QCD+QED Simulations with openQ*D software}},
    date         = {2021/2024},
    howpublished = {\url{https://pasc-ch.org/projects/2021-2024/eniac-enabling-the-icon-model-on-heterogeneous-architectures/index.html}},
    note         = {(Online; accessed 2025-02-19)},
}

@misc{online:openmpi,
    author       = {{The Open MPI Project}},
    title        = {{Open MPI: Open Source High Performance Computing}},
    date         = {1998/2024},
    howpublished = {\url{https://www.open-mpi.org}},
    note         = {(Online; accessed 2025-02-20)},
}

@misc{online:mpich,
    author       = {{The MPICH Team}},
    title        = {{MPICH: A High-Performance and Widely Portable Implementation of the MPI Standard}},
    date         = {1992/2025},
    howpublished = {\url{https://www.mpich.org}},
    note         = {(Online; accessed 2025-02-20)},
}

@misc{online:cscs:uenv,
    author       = {{CSCS}},
    title        = {{uenv: Command line tool for working with user environments at CSCS.}},
    year         = {2025},
    howpublished = {\url{https://eth-cscs.github.io/uenv/}},
    note         = {(Online; accessed 2025-02-20)},
}

@misc{online:tcl,
    author       = {{The Tcl Team}},
    title        = {{TcL}},
    year         = {2025},
    howpublished = {\url{https://www.tcl-lang.org/}},
    note         = {(Online; accessed 2025-02-20)},
}

@misc{github:lmod,
    author       = {{The Lmod Team}},
    title        = {{Lmod: A New Environment Module System}},
    year         = {2021},
    howpublished = {\url{https://github.com/TACC/Lmod}},
    note         = {(Online; accessed 2025-02-20)},
}

@misc{online:top500,
    author       = {{TOP500.org}},
    title        = {{TOP500}},
    year         = {2025},
    howpublished = {\url{https://www.top500.org/lists/top500/2024/11/}},
    note         = {(Online; accessed 2025-03-26)},
}

@misc{openmp:standard:4.0,
    author       = {{OpenMP Architecture Review Board}},
    title        = {{OpenMP Application Program Interface - Version 4.0}},
    year         = {2013},
    howpublished = {\url{https://www.openmp.org/}},
    note         = {(Online; accessed 2025-03-26)},
}

@misc{codata:2022,
  author = {Peter J. Mohr and Eite Tiesinga and David B. Newell and Barry N. Taylor},
  title = {Codata Internationally Recommended 2022 Values of the Fundamental Physical Constants},
  year = {2024},
  month = {5},
  publisher = {Codata Internationally Recommended 2022 Values of the Fundamental Physical Constants},
  url = {https://tsapps.nist.gov/publication/get_pdf.cfm?pub_id=958002},
  language = {en},
}

@misc{wright2006numerical,
  title={Numerical optimization},
  author={Wright, Stephen J},
  year={2006}
}

@unpublished{Alcalde_2017,
    title = {Deflation for Monte-Carlo estimation of the trace of a matrix inverse},
    author = {Andreas Stathopoulos and Eloy Romero Alcalde and A. S. Gambhir and K. Orginos},
    year = {2017},
    note = {The Tenth International Workshop on Lattice QFT and Numerical Analysis (QCDNA X)},
    URL = {https://indico.cern.ch/event/625043/contributions/2614514/},
}

@misc{online:openshmem,
    author       = {{The OpenSHMEM Team}},
    title        = {{OpenSHMEM}},
    year         = {2025},
    howpublished = {\url{http://www.openshmem.org/}},
    note         = {(Online; accessed 2025-05-02)},
}

@misc{online:nvshmem,
    author       = {{NVIDIA}},
    title        = {{NVSHMEM}},
    year         = {2025},
    howpublished = {\url{https://developer.nvidia.com/nvshmem}},
    note         = {(Online; accessed 2025-05-02)},
}

@misc{online:zenodo,
  author       = {Gruber, Roman},
  title        = {Dataset for PhD Thesis},
  month        = {5},
  year         = 2025,
  publisher    = {Zenodo},
  howpublished = {\url{https://doi.org/10.5281/zenodo.15533835}},
  doi          = {10.5281/zenodo.15533835},
  url          = {https://doi.org/10.5281/zenodo.15533835},
}

@misc{online:pasc2021,
  author       = {Marinkovic, Marina Krstic and Campos, Isabel and Della Morte, Michele and Korcyl, Piotr},
  title        = {Efficient QCD+QED Simulations with openQ*D software},
  year         = {2021/2024},
  publisher    = {PASC},
  howpublished = {\url{https://pasc-ch.org/projects/2021-2024/eniac-enabling-the-icon-model-on-heterogeneous-architectures/index.html}},
  url          = {https://pasc-ch.org/projects/2021-2024/eniac-enabling-the-icon-model-on-heterogeneous-architectures/index.html},
}

@misc{online:pasc2025,
  author       = {Marinkovic, Marina Krstic},
  title        = {openQxD: Efficient QCD+QED Simulations with Various Boundary Conditions on GPUs},
  year         = {2025/2027},
  publisher    = {PASC},
  howpublished = {\url{https://pasc-ch.org/projects/2025-2028/openqxd-efficient-qcdqed-simulations-with-various-boundary-conditions-on-gpus/index.html}},
  url          = {https://pasc-ch.org/projects/2025-2028/openqxd-efficient-qcdqed-simulations-with-various-boundary-conditions-on-gpus/index.html},
}

@misc{standard:mpi-3.0,
  author={{Message Passing Interface Forum}},
  title={{MPI: A Message-Passing Interface Standard Version 3.0}},
  year={2012},
  month={8},
  source={https://www.mpi-forum.org/docs/mpi-3.0/mpi30-report.pdf},
}

@misc{standard:mpi-2.0,
  author={{Message Passing Interface Forum}},
  title={{MPI: A Message-Passing Interface Standard Version 2.0}},
  year={1997},
  month={7},
  source={https://www.mpi-forum.org/docs/mpi-2.0/mpi2-report.pdf},
}

@article{juwels,
    author = {{J\"{u}lich Supercomputing Centre}},
    title = {{JUWELS Cluster and Booster: Exascale Pathfinder with Modular Supercomputing Architecture at Juelich Supercomputing Centre}},
    journal = {Journal of large-scale research facilities},
    number = {A138},
    volume = {7},
    doi = {10.17815/jlsrf-7-183},
    url = {http://dx.doi.org/10.17815/jlsrf-7-183},
    year = {2021}
}

@misc{eth:doctorate:stipulations,
  author={{ETH Zürich}},
  title={{Detailed stipulations regarding the doctorate}},
  year={2022},
  month={1},
  source={https://ethz.ch/content/dam/ethz/special-interest/phys/department/doctoral/documents/Detailed%20Stipulations_D-PHYS_2022.pdf},
}

