% ------------------------------------------------------------
% Peer reviewed: have to be @article and keywords = {ownpub}
% Cite them only with \citeOwn{}
% ------------------------------------------------------------

@article{mglma,
    author = "Gruber, Roman and Harris, Tim and Krstic Marinkovic, Marina",
    title = "{Multigrid low-mode averaging}",
    eprint = "2412.06347",
    archivePrefix = "arXiv",
    primaryClass = "hep-lat",
    doi = "10.1103/PhysRevD.111.074508",
    journal = "Phys. Rev. D",
    volume = "111",
    number = "7",
    pages = "074508",
    year = "2025",
    keywords  = {ownpub},
}


@article{qcd_qed_paola,
    author = "Altherr, Anian and Cotellucci, Alessandro and Gruber, Roman and Harris, Tim and Komijani, Javad and Marinkovi\'c, Marina Krsti\'c and Parato, Letizia and Patella, Agostino and Tantalo, Nazario and Tavella, Paola",
    title = "{Toward a complete comparison of QCD+RM123 and QCD+dynamical QED with C$^{\star}$ boundary conditions}",
    archivePrefix = "arXiv",
    year = {N.D.},
    note = {unpublished},
    keywords  = {ownpub},
}

%@article{pasc23,
%    author = "Gruber, Roman and Kozhevnikov, Anton and Marinkovic, Marina and Schulthess, Thomas and Solca, Raffaele",
%    title = "{Towards Lattice QCD+QED Simulations on GPUs}",
%    booktitle = "{Platform for Advanced Scientific Computing}",
%    doi = "10.1145/3592979.3593406",
%    year = "2023",
%    keywords  = {ownpub},
%}

@article{pasc23,
    author = {Gruber, Roman and Kozhevnikov, Anton and Marinkovic, Marina and Schulthess, Thomas and Solca, Raffaele},
    title = {Towards Lattice QCD+QED Simulations on GPUs},
    year = {2023},
    isbn = {9798400701900},
    publisher = {Association for Computing Machinery},
    address = {New York, NY, USA},
    url = {https://doi.org/10.1145/3592979.3593406},
    doi = {10.1145/3592979.3593406},
    booktitle = {Proceedings of the Platform for Advanced Scientific Computing Conference},
    articleno = {7},
    numpages = {8},
    keywords = {inexact deflation, schwarz alternating procedure, conjugate gradient, preconditioning, GPU, wilson fermions, lattice QCD},
    location = {Davos, Switzerland},
    series = {PASC '23},
    keywords  = {ownpub},
}


@article{pasc24,
    author = "Altherr, Anian and Coles, Jonathan and Antonio Fernández De la Garza, Juan and Gruber, Roman and Harris, Tim and Maier, Stephanie and Krstić Marinković, Marina and Parato, Letizia and Vogt, Hannes",
    title = "{O(a)-improved QCD+QED Wilson Dirac operator on GPUs}",
    year = {N.D.},
    note = {unpublished},
    keywords  = {ownpub},
}

% --------------------------------------------------------------------------
% Conference proceedings: have to be @inproceedings and keywords = {ownpub}
% Cite them only with \citeOwn{}
% --------------------------------------------------------------------------

@inproceedings{lattice21:master_thesis,
    author = "Gruber, Roman and Kozhevnikov, Anton and Marinkovi\'c, Marina Krsti\'c and Schulthess, Thomas C. and Solc\`a, Raffaele",
    title = "{Performance optimizations for porting the openQ*D package to GPUs}",
    eprint = "2202.07388",
    archivePrefix = "arXiv",
    primaryClass = "hep-lat",
    doi = "10.22323/1.396.0491",
    journal = "PoS",
    volume = "LATTICE2021",
    pages = "491",
    year = "2022",
    keywords  = {ownpub},
}

@inproceedings{lattice23:lma,
    author = "Gruber, Roman and Harris, Tim and Krsti\'c Marinkovi\'c, Marina",
    title = "{Variance reduction via deflation with local coherence}",
    eprint = "2401.14724",
    archivePrefix = "arXiv",
    primaryClass = "hep-lat",
    month = "1",
    year = "2024",
    keywords  = {ownpub},
}

@inproceedings{lattice22:paola,
    author = "Altherr, Anian and others",
    collaboration = "RC*",
    title = "{Strange and charm contributions to the HVP from C* boundary conditions}",
    eprint = "2301.04385",
    archivePrefix = "arXiv",
    primaryClass = "hep-lat",
    doi = "10.22323/1.430.0281",
    journal = "PoS",
    volume = "LATTICE2022",
    pages = "281",
    year = "2023",
    keywords  = {ownpub},
}

@inproceedings{lattice22:roman,
    author = "Altherr, Anian and others",
    title = "{Hadronic vacuum polarization with C* boundary conditions}",
    eprint = "2212.11551",
    archivePrefix = "arXiv",
    primaryClass = "hep-lat",
    doi = "10.22323/1.430.0312",
    journal = "PoS",
    volume = "LATTICE2022",
    pages = "312",
    year = "2023",
    keywords  = {ownpub},
}

@inproceedings{lattice22:alessandro,
    author = "Altherr, Anian and others",
    collaboration = "RC*",
    title = "{Tuning of QCD+QED simulations with C$^\star$ boundary conditions}",
    eprint = "2212.10894",
    archivePrefix = "arXiv",
    primaryClass = "hep-lat",
    reportNumber = "HU-EP-22/44-RTG",
    doi = "10.22323/1.430.0259",
    journal = "PoS",
    volume = "LATTICE2022",
    pages = "259",
    year = "2023",
    keywords  = {ownpub},
}

@inproceedings{lattice22:jens,
    author = {L\"ucke, Jens and others},
    collaboration = "RC*",
    title = "{$N_f = 1+2+1$ QCD+QED simulations with C$^\star$ boundary conditions}",
    eprint = "2212.09578",
    archivePrefix = "arXiv",
    primaryClass = "hep-lat",
    reportNumber = "HU-EP-22/43-RTG",
    doi = "10.22323/1.430.0064",
    journal = "PoS",
    volume = "LATTICE2022",
    pages = "064",
    year = "2023",
    keywords  = {ownpub},
}

@inproceedings{lattice24:roman,
    author = "Altherr, Anian and others",
    title = "{$O(a)$-improved QCD+QED Wilson Dirac operator on GPUs}",
    booktitle = "{41st International Symposium on Lattice Field Theory}",
    eprint = "2502.02490",
    archivePrefix = "arXiv",
    primaryClass = "hep-lat",
    month = "2",
    year = "2025",
    keywords  = {ownpub},
}
